% Encoding: UTF-8

@article{howard2018mobilenetv2,
  author = {Howard, Andrew G. and Zhu, Menglong and Chen, Bo and Kalenichenko, Dmitry and Wang, Weijun and Weyand, Tobias and Andreetto, Marco and Adam, Hartwig},
  title = {MobileNetV2: Inverted Residuals and Linear Bottlenecks},
  journal = {Proceedings of the IEEE Conference on Computer Vision and Pattern Recognition (CVPR)},
  year = {2018},
  pages = {4510--4520},
  doi = {10.1109/CVPR.2018.00474},
  url = {https://doi.org/10.1109/CVPR.2018.00474},
  note = {Describes MobileNetV2, used for posture detection in HiringGuru.}
}

@article{lugaresi2019mediapipe,
  author = {Lugaresi, Camillo and Tang, Jiuqiang and Nash, Hadon and McClanahan, Chris and Uboweja, Esha and Hays, Michael and Zhang, Fan and Chang, Chuo-Ling and Yong, Ming and Lee, Juhyun and others},
  title = {MediaPipe: A Framework for Building Perception Pipelines},
  journal = {arXiv preprint arXiv:1906.08172},
  year = {2019},
  doi = {10.48550/arXiv.1906.08172},
  url = {https://arxiv.org/abs/1906.08172},
  note = {Details MediaPipe, used for enhanced posture detection in HiringGuru.}
}

@article{viola2001haar,
  author = {Viola, Paul and Jones, Michael},
  title = {Rapid Object Detection using a Boosted Cascade of Simple Features},
  journal = {Proceedings of the IEEE Conference on Computer Vision and Pattern Recognition (CVPR)},
  year = {2001},
  volume = {1},
  pages = {511--518},
  doi = {10.1109/CVPR.2001.990517},
  url = {https://doi.org/10.1109/CVPR.2001.990517},
  note = {Introduces Haarcascade, used for facial expression analysis in HiringGuru.}
}

@article{king2009dlib,
  author = {King, Davis E.},
  title = {Dlib-ml: A Machine Learning Toolkit},
  journal = {Journal of Machine Learning Research},
  year = {2009},
  volume = {10},
  pages = {1755--1758},
  url = {http://jmlr.org/papers/v10/king09a.html},
  note = {Describes Dlib, used for eye tracking in HiringGuru.}
}

@misc{openai2023api,
  author = {{OpenAI}},
  title = {OpenAI API Documentation},
  year = {2023},
  howpublished = {\url{https://platform.openai.com/docs/api-reference}},
  url = {https://platform.openai.com/docs/api-reference},
  note = {Provides details on the OpenAI API, used for question generation in HiringGuru.}
}

@article{vercel2023nextjs,
  author = {{Vercel}},
  title = {Next.js: The React Framework for Production},
  journal = {Vercel Documentation},
  year = {2023},
  howpublished = {\url{https://nextjs.org/docs}},
  url = {https://nextjs.org/docs},
  note = {Outlines Next.js, used for HiringGuru’s frontend.}
}

@misc{firebase2023docs,
  author = {{Google}},
  title = {Firebase Documentation},
  year = {2023},
  howpublished = {\url{https://firebase.google.com/docs}},
  url = {https://firebase.google.com/docs},
  note = {Describes Firebase, used for authentication and data storage in HiringGuru.}
}

@article{hufford2020interview,
  author = {Hufford, Torrey and Bradley, Jason and Graves, Tiffany},
  title = {The Impact of Real-Time Feedback on Interview Performance},
  journal = {Journal of Applied Psychology},
  year = {2020},
  volume = {105},
  issue = {3},
  pages = {287--299},
  doi = {10.1037/apl0000442},
  url = {https://doi.org/10.1037/apl0000442},
  note = {Discusses the benefits of real-time feedback in interview training, relevant to HiringGuru’s objectives.}
}

@comment{jabref-meta: selector_author:}
@comment{jabref-meta: selector_journal:}
@comment{jabref-meta: selector_keywords:}
@comment{jabref-meta: selector_publisher:}
